@article{floyd-meaning,
	author = {Floyd, R. W.},
	journal = {{Mathematical aspects of computer science}},
	title = {{Assigning meanings to programs}},
	volume = {{19}},
	year = {{1967}},
}

@misc{logical-foundations,
	author = { Benjamin C. Pierce and Arthur Azevedo de Amorim and Chris
	          Casinghino and Marco Gaboardi and Michael Greenberg and Cătălin
	          Hriţcu and Vilhelm Sjöberg and Brent Yorgey },
	title = {Logical Foundations},
	year = {{2023}},
	note = {[Accessed 13-09-2023]},
}
